@techreport{2019AHAR,
  title={The 2019 Annual Homeless Assessment Report (AHAR) to Congress},
  author={Henry, Meghan and Watt, Rian and Mahathey, Anna and Ouellette, Jillian and Sitler, Aubrey and Abt Associates},
  institution={The U.S. Department of Housing and Urban Development},
  year={2020},
  month={january}
}

@article{von2019predicting,
  title={Predicting and preventing homelessness in Los Angeles},
  author={Von Wachter, Till and Bertrand, Marianne and Pollack, Harold and Rountree, Janey and Blackwell, Brian},
  journal={California Policy Lab and University of Chicago Poverty Lab},
  year={2019}
}

@article{HmlsnsInWA,
  author          = {BROWN, LISA},
  title           = {Homelessness in Washington State},
  year            = {2019},
  publisher       = {Washington State Department of Commerce}
}

@misc{CoS_Pres,
  author       = {Everybody Counts Campaign},
  title        = {One Spokane},
  howpublished = {\url{https://static.spokanecity.org/documents/ending-homelessness/everybody-counts/2019-everybody-counts-campaign-presentation-2019-04-18.pdf}},
  year         = {2019},
  note = {Accessed: 2020-09-04}
}

@article{shinn2019homelessness,
  title={Homelessness Prevention: A Review of the literature},
  author={Shinn, Marybeth and Cohen, Rebecca},
  journal={Center for Evidence-Based Solutions to Homelessness},
  howpublished = {\url{http://www.evidenceonhomelessness.com/wp-content/uploads/2019/02/Homelessness_Prevention_Literature_Synthesis.pdf}},
  year={2019}
}

@misc{PITcount,
  title = {Point-in-Time Count and Housing Inventory Count},
  howpublished = {\url{https://www.hudexchange.info/programs/hdx/pit-hic/}},
  year = {2020},
  note = {Accessed: 2020-09-04},
  author = {HUD Exchange},
}

@misc{HMLSdef,
title = {Homeless Definition},
howpublished = {\url{https://www.hudexchange.info/resource/1974/criteria-and-recordkeeping-requirements-for-definition-of-homeless/}},
note = {Accessed: 2020-09-04},
publisher = {HUD Exchange},
}

@misc{2019_HUD_PIT,
title = {2019 POINT IN TIME ESTIMATES OF HOMELESSNESS IN THE U.S.},
howpublished = {\url{https://www.hud.gov/2019-point-in-time-estimates-of-homelessness-in-US}},
note = {Accessed: 2020-11-03},
publisher = {U.S. Department of Housing and Urban Development},
}

@article{shinn2013efficient,
  title={Efficient targeting of homelessness prevention services for families},
  author={Shinn, Marybeth and Greer, Andrew L and Bainbridge, Jay and Kwon, Jonathan and Zuiderveen, Sara},
  journal={American journal of public health},
  volume={103},
  number={S2},
  pages={S324--S330},
  year={2013},
  publisher={American Public Health Association}
}

@article{evans2016impact,
  title={The impact of homelessness prevention programs on homelessness},
  author={Evans, William N and Sullivan, James X and Wallskog, Melanie},
  journal={Science},
  volume={353},
  number={6300},
  pages={694--699},
  year={2016},
  publisher={American Association for the Advancement of Science}
}

@article{rolston2013evaluation,
  title={Evaluation of the homebase community prevention program},
  author={Rolston, Howard and Geyer, Judy and Locke, Gretchen and Metraux, Stephen and Treglia, Dan},
  journal={Final Report, Abt Associates Inc, June},
  volume={6},
  pages={2013},
  year={2013}
}

@book{wackerly2014mathematical,
  title={Mathematical statistics with applications},
  author={Wackerly, Dennis and Mendenhall, William and Scheaffer, Richard L},
  year={2014},
  publisher={Cengage Learning}
}

@article{scikit-learn,
 title={Scikit-learn: Machine Learning in {P}ython},
 author={Pedregosa, F. and Varoquaux, G. and Gramfort, A. and Michel, V.
         and Thirion, B. and Grisel, O. and Blondel, M. and Prettenhofer, P.
         and Weiss, R. and Dubourg, V. and Vanderplas, J. and Passos, A. and
         Cournapeau, D. and Brucher, M. and Perrot, M. and Duchesnay, E.},
 journal={Journal of Machine Learning Research},
 volume={12},
 pages={2825--2830},
 year={2011}
}

@software{lifelines,
  author       = {Pilon, Cam Davidson},
  title        = {CamDavidsonPilon/lifelines: v0.25.11},
  howpublished = {https://doi.org/10.5281/zenodo.4683730},
  year         = {2021}
}

@software{pandas,
    author       = {The pandas development team},
    title        = {pandas-dev/pandas: Pandas},
    month        = April,
    year         = 2021,
    publisher    = {Zenodo},
    version      = {latest},
    doi          = {10.5281/zenodo.4681666},
    url          = {https://doi.org/10.5281/zenodo.4681666}
}

@Article{numpy,
 title         = {Array programming with {NumPy}},
 author        = {Charles R. Harris and K. Jarrod Millman and St{\'{e}}fan J.
                 van der Walt and Ralf Gommers and Pauli Virtanen and David
                 Cournapeau and Eric Wieser and Julian Taylor and Sebastian
                 Berg and Nathaniel J. Smith and Robert Kern and Matti Picus
                 and Stephan Hoyer and Marten H. van Kerkwijk and Matthew
                 Brett and Allan Haldane and Jaime Fern{\'{a}}ndez del
                 R{\'{i}}o and Mark Wiebe and Pearu Peterson and Pierre
                 G{\'{e}}rard-Marchant and Kevin Sheppard and Tyler Reddy and
                 Warren Weckesser and Hameer Abbasi and Christoph Gohlke and
                 Travis E. Oliphant},
 year          = {2020},
 month         = sep,
 journal       = {Nature},
 volume        = {585},
 number        = {7825},
 pages         = {357--362},
 doi           = {10.1038/s41586-020-2649-2},
 publisher     = {Springer Science and Business Media {LLC}},
 url           = {https://doi.org/10.1038/s41586-020-2649-2}
}

@Article{matplotlib,
  Author    = {Hunter, J. D.},
  Title     = {Matplotlib: A 2D graphics environment},
  Journal   = {Computing in Science \& Engineering},
  Volume    = {9},
  Number    = {3},
  Pages     = {90--95},
  abstract  = {Matplotlib is a 2D graphics package used for Python for
  application development, interactive scripting, and publication-quality
  image generation across user interfaces and operating systems.},
  publisher = {IEEE COMPUTER SOC},
  doi       = {10.1109/MCSE.2007.55},
  year      = 2007
}

@article{colburn2014federal,
  title={The federal commitment to homelessness prevention: a silver lining of the economic crisis},
  author={Colburn, Gregg},
  journal={Poverty \& Public Policy},
  volume={6},
  number={1},
  pages={33--45},
  year={2014},
  publisher={Wiley Online Library}
}

@article{wood2008housing,
  title={Housing affordability and family well-being: Results from the housing voucher evaluation},
  author={Wood, Michelle and Turnham, Jennifer and Mills, Gregory},
  journal={Housing Policy Debate},
  volume={19},
  number={2},
  pages={367--412},
  year={2008},
  publisher={Taylor \& Francis}
}

@article{goodman2016homelessness,
  title={Homelessness prevention in New York City: On average, it works},
  author={Goodman, Sarena and Messeri, Peter and O'Flaherty, Brendan},
  journal={Journal of housing economics},
  volume={31},
  pages={14--34},
  year={2016},
  publisher={Elsevier}
}

@article{o2004wrong,
  title={Wrong person and wrong place: for homelessness, the conjunction is what matters},
  author={O’Flaherty, Brendan},
  journal={Journal of Housing Economics},
  volume={13},
  number={1},
  pages={1--15},
  year={2004},
  publisher={Elsevier}
}

@techreport{flinker2016bridging,
  title={Bridging the Gap Between Big Data and Social Services},
  author={Flinker, Adeen},
  year={2016},
  institution={Center for Open Science}
}

@article{byrne2012angeles,
  title={Los Angeles County’s Enterprise Linkages Project: An example of the use of integrated data systems in making data-driven policy and program decisions},
  author={Byrne, Thomas and Metraux, Stephen and Moreno, Manuel and Culhane, Dennis P and Toros, Halil and Stevens, Max},
  journal={California Journal of Politics and Policy},
  volume={4},
  number={2},
  year={2012}
}

@article{fisher1999time,
  title={Time-dependent covariates in the Cox proportional-hazards regression model},
  author={Fisher, Lloyd D and Lin, Danyu Y},
  journal={Annual review of public health},
  volume={20},
  number={1},
  pages={145--157},
  year={1999},
  publisher={Annual Reviews 4139 El Camino Way, PO Box 10139, Palo Alto, CA 94303-0139, USA}
}

@article{bewick2005statistics,
  title={Statistics review 14: Logistic regression},
  author={Bewick, Viv and Cheek, Liz and Ball, Jonathan},
  journal={Critical care},
  volume={9},
  number={1},
  pages={1--7},
  year={2005},
  publisher={BioMed Central}
}

@article{van2009longitudinal,
  title={A longitudinal population-based study of factors in adolescence predicting homelessness in young adulthood},
  author={Van den Bree, Marianne BM and Shelton, Katherine and Bonner, Adrian and Moss, Sebastian and Thomas, Hollie and Taylor, Pamela J},
  journal={Journal of Adolescent Health},
  volume={45},
  number={6},
  pages={571--578},
  year={2009},
  publisher={Elsevier}
}

@book{david2000applied,
  title={Applied logistic regression},
  author={David W.. Hosmer and Lemeshow, Stanley and Rodney X.. Sturdivant},
  year={2000},
  publisher={Wiley New York}
}

@misc{mendenhal1996second,
  title={A second course in statistics: Regression analysis},
  author={Mendenhal, W and Sincich, Terry},
  year={1996},
  publisher={Prentice Hall, New Jersey}
}

@article{stoltzfus2011logistic,
  title={Logistic regression: a brief primer},
  author={Stoltzfus, Jill C},
  journal={Academic Emergency Medicine},
  volume={18},
  number={10},
  pages={1099--1104},
  year={2011},
  publisher={Wiley Online Library}
}

@book{hosmer2008applied,
  title={Applied Survival Analysis: Regression Modeling of Time to Event Data},
  author={Hosmer, David W and Lemeshow, Stanley and May, Suzanne},
  year={2008},
  publisher={Oxford University Press}
}

@book{johnson2015mathematics,
  title={Mathematics: A practical odyssey},
  author={Johnson, David B and Mowry, Thomas A},
  year={2015},
  publisher={Cengage Learning}
}

@article{king2001logistic,
  title={Logistic regression in rare events data},
  author={King, Gary and Zeng, Langche},
  journal={Political analysis},
  volume={9},
  number={2},
  pages={137--163},
  year={2001},
  publisher={Cambridge University Press}
}

@article{theil1970estimation,
  title={On the estimation of relationships involving qualitative variables},
  author={Theil, Henri},
  journal={American Journal of Sociology},
  volume={76},
  number={1},
  pages={103--154},
  year={1970},
  publisher={University of Chicago Press}
}

@incollection{fisher1992statistical,
  title={Statistical methods for research workers},
  author={Fisher, Ronald Aylmer},
  booktitle={Breakthroughs in statistics},
  pages={66--70},
  year={1992},
  publisher={Springer}
}

@article{tate1954correlation,
  title={Correlation between a discrete and a continuous variable. Point-biserial correlation},
  author={Tate, Robert F},
  journal={The Annals of mathematical statistics},
  volume={25},
  number={3},
  pages={603--607},
  year={1954},
  publisher={JSTOR}
}

@article{white2020utilities,
 author  = {White, Rebecca and Sokol, Chad},
 date    = {2020-05-17},
 year    = {2020},
 title   = {Utilities pause shutoffs as state prepares for financial impacts of COVID-19},
 journal = {The Spokane Review},
 url     = {https://www.spokesman.com/stories/2020/mar/17/utilities-pause-shutoffs-as-state-prepares-for-fin/},
 urldate = {2021-05-17}
}

@book{liu2012survival,
  title={Survival analysis: models and applications},
  author={Liu, Xian},
  year={2012},
  publisher={John Wiley \& Sons}
}

@incollection{akaike1998information,
  title={Information theory and an extension of the maximum likelihood principle},
  author={Akaike, Hirotogu},
  booktitle={Selected papers of hirotugu akaike},
  pages={199--213},
  year={1998},
  publisher={Springer}
}

@book{tutz2011regression,
  title={Regression for categorical data},
  author={Tutz, Gerhard},
  volume={34},
  year={2011},
  publisher={Cambridge University Press}
}

@article{Waskom2021,
  doi = {10.21105/joss.03021},
  url = {https://doi.org/10.21105/joss.03021},
  year = {2021},
  publisher = {The Open Journal},
  volume = {6},
  number = {60},
  pages = {3021},
  author = {Michael L. Waskom},
  title = {seaborn: statistical data visualization},
  journal = {Journal of Open Source Software}
}

@article{fawcett2006introduction,
  title={An introduction to ROC analysis},
  author={Fawcett, Tom},
  journal={Pattern recognition letters},
  volume={27},
  number={8},
  pages={861--874},
  year={2006},
  publisher={Elsevier}
}

@article{chawla2002smote,
  title={SMOTE: synthetic minority over-sampling technique},
  author={Chawla, Nitesh V and Bowyer, Kevin W and Hall, Lawrence O and Kegelmeyer, W Philip},
  journal={Journal of artificial intelligence research},
  volume={16},
  pages={321--357},
  year={2002}
}

@article{marcot2020optimal,
  title={What is an optimal value of k in k-fold cross-validation in discrete Bayesian network analysis?},
  author={Marcot, Bruce G and Hanea, Anca M},
  journal={Computational Statistics},
  pages={1--23},
  year={2020},
  publisher={Springer}
}

 @misc{hud_hmls_def, 
  title={Criteria and Recordkeeping Requirements for Definition of Homelessness}, 
  url={https://www.hudexchange.info/resource/1974/criteria-and-recordkeeping-requirements-for-definition-of-homeless/}, 
  author={HUD Exchange},
  year={2012},
  note = {Accessed: 2021-05-23}
 } 

@misc{SpokanePop,
  title = {QuickFacts Spokane County, Washington},
  howpublished = {\url{https://www.census.gov/quickfacts/fact/table/spokanecountywashington}},
  year={2019},
  note = {Accessed: 2021-11-29},
  author = {United States Census Bureau},
}

@article{byrne2020classification,
  title={A classification model of homelessness using integrated administrative data: Implications for targeting interventions to improve the housing status, health and well-being of a highly vulnerable population},
  author={Byrne, Thomas and Baggett, Travis and Land, Thomas and Bernson, Dana and Hood, Maria-Elena and Kennedy-Perez, Cheryl and Monterrey, Rodrigo and Smelson, David and Dones, Marc and Bharel, Monica},
  journal={PloS one},
  volume={15},
  number={8},
  pages={e0237905},
  year={2020},
  publisher={Public Library of Science San Francisco, CA USA}
}

@article{vanberlo2021interpretable,
  title={Interpretable machine learning approaches to prediction of chronic homelessness},
  author={VanBerlo, Blake and Ross, Matthew AS and Rivard, Jonathan and Booker, Ryan},
  journal={Engineering Applications of Artificial Intelligence},
  volume={102},
  pages={104243},
  year={2021},
  publisher={Elsevier}
}

@article{brown2018reliability,
  title={Reliability and validity of the Vulnerability Index-Service Prioritization Decision Assistance Tool (VI-SPDAT) in real-world implementation},
  author={Brown, Molly and Cummings, Camilla and Lyons, Jennifer and Carri{\'o}n, Andr{\'e}s and Watson, Dennis P},
  journal={Journal of Social Distress and the Homeless},
  volume={27},
  number={2},
  pages={110--117},
  year={2018},
  publisher={Taylor \& Francis}
}

@article{hong2018applications,
  title={Applications of machine learning methods to predict readmission and length-of-stay for homeless families: The case of win shelters in new york city},
  author={Hong, Boyeong and Malik, Awais and Lundquist, Jack and Bellach, Ira and Kontokosta, Constantine E},
  journal={Journal of Technology in Human Services},
  volume={36},
  number={1},
  pages={89--104},
  year={2018},
  publisher={Taylor \& Francis}
}

@article{greer2016targeting,
  title={Targeting services to individuals most likely to enter shelter: Evaluating the efficiency of homelessness prevention},
  author={Greer, Andrew L and Shinn, Marybeth and Kwon, Jonathan and Zuiderveen, Sara},
  journal={Social Service Review},
  volume={90},
  number={1},
  pages={130--155},
  year={2016},
  publisher={University of Chicago Press Chicago, IL}
}

@techreport{flaming2011crisis,
  title={Crisis indicator: Triage tool for identifying homeless adults in crisis},
  author={Flaming, Daniel and Burns, Patrick},
  institution={Economic Roundtable Research Report},
  year={2011},
  month = {03},
  doi = {10.13140/RG.2.1.4788.8246}
}

@article{toros2019early,
  title={Early intervention to prevent persistent homelessness Predictive models for identifying unemployed workers and young adults who become persistently homeless},
  author={Toros, Halil and Flaming, Daniel and Burns, Patrick},
  journal={Available at SSRN 3370634},
  year={2019}
}